<?xml version="1.0" encoding="UTF-8"?><collection xmlns="http://www.loc.gov/MARC21/slim"><record><leader>00500nam--2200145-i-4500</leader><controlfield tag="001">000035790</controlfield><controlfield tag="002">20161230</controlfield><controlfield tag="005">20161230201040</controlfield><controlfield tag="008">060222s1000------------r-----000-0-eng-d</controlfield><datafield ind1=" " ind2=" " tag="080"><subfield code="a">52-852:535.8(061.3)</subfield></datafield><datafield ind1=" " ind2=" " tag="245"><subfield code="a">Optical properties of the atmosphere march 20-31, 1978, washington</subfield></datafield><datafield ind1=" " ind2=" " tag="260"><subfield code="a">Los Angeles, Society Of Photo-optical Instrumentation Engineers, 1978, Vi + 162p</subfield></datafield><datafield ind1=" " ind2=" " tag="490"><subfield code="a">Proc.Of The Society Of Photo-optical Instrumentation Engineers</subfield></datafield><datafield ind1=" " ind2=" " tag="700"><subfield code="a">Sepucha, Robert C</subfield></datafield><datafield ind1=" " ind2=" " tag="852"><subfield code="a">42263</subfield></datafield></record></collection>